<record><leader>00000cas a2200000   4500</leader><controlfield tag="001">7890526</controlfield><controlfield tag="008">811029c19819999dcucr ne      0   a0eng d</controlfield><datafield ind1=" " ind2=" " tag="010"><subfield code="a">sn 82004247 </subfield></datafield><datafield ind1=" " ind2=" " tag="040"><subfield code="a">DGW</subfield><subfield code="b">eng</subfield><subfield code="c">DGW</subfield><subfield code="d">DLC</subfield><subfield code="d">OCL</subfield><subfield code="d">OCLCF</subfield></datafield><datafield ind1=" " ind2=" " tag="042"><subfield code="a">msc</subfield></datafield><datafield ind1="1" ind2="0" tag="050"><subfield code="a">Discard</subfield></datafield><datafield ind1="0" ind2="4" tag="245"><subfield code="a">The GW Hatchet.</subfield></datafield><datafield ind1=" " ind2=" " tag="260"><subfield code="a">Washington, D.C. :</subfield><subfield code="b">George Washington University,</subfield><subfield code="c">1981-</subfield></datafield><datafield ind1=" " ind2=" " tag="300"><subfield code="a">:</subfield><subfield code="b">ill. ;</subfield><subfield code="c">37 cm.</subfield></datafield><datafield ind1="0" ind2=" " tag="362"><subfield code="a">Vol. 77, no. 28(Jan. 12, 1981)-</subfield></datafield><datafield ind1=" " ind2=" " tag="500"><subfield code="a">Semiweekly, except during the summer, holidays and exam periods.</subfield></datafield><datafield ind1=" " ind2=" " tag="515"><subfield code="a">Vol. 77, no.28 (Jan. 12, 1981)-</subfield></datafield><datafield ind1="2" ind2="0" tag="610"><subfield code="a">George Washington University.</subfield></datafield><datafield ind1="2" ind2="7" tag="610"><subfield code="a">George Washington University.</subfield><subfield code="2">fast</subfield><subfield code="0">(OCoLC)fst00531730</subfield></datafield><datafield ind1="2" ind2=" " tag="710"><subfield code="a">George Washington University.</subfield></datafield><datafield ind1="0" ind2="0" tag="780"><subfield code="t">Hatchet</subfield></datafield><datafield ind1=" " ind2=" " tag="936"><subfield code="a">Jan.12 - Apr. 16 1981</subfield></datafield></record>